<?xml version="1.0" encoding="UTF-8"?><collection xmlns="http://www.loc.gov/MARC21/slim"><record><leader>00323nam--2200133-i-4500</leader><controlfield tag="001">000019595</controlfield><controlfield tag="002">20161230</controlfield><controlfield tag="005">20161230201033</controlfield><controlfield tag="008">060222s1000------------r-----000-0-eng-d</controlfield><datafield ind1=" " ind2=" " tag="080"><subfield code="a">512</subfield></datafield><datafield ind1=" " ind2=" " tag="100"><subfield code="a">Dragomir, A., Dragomir, P</subfield></datafield><datafield ind1=" " ind2=" " tag="245"><subfield code="a">Structuri algebrice</subfield></datafield><datafield ind1=" " ind2=" " tag="260"><subfield code="a">Timisoara, Editura Flaca, 1975. 272 P</subfield></datafield><datafield ind1=" " ind2=" " tag="852"><subfield code="a">43021</subfield></datafield></record></collection>